<?xml version="1.0" encoding="utf-8"?>
<record xmlns="http://www.loc.gov/MARC21/slim" xmlns:xsi="http://www.w3.org/2001/XMLSchema-instance" xsi:schemaLocation="http://www.loc.gov/MARC21/slim http://www.loc.gov/standards/marcxml/schema/MARC21slim.xsd">
	<leader>
		02048nam a2200397   4500
	</leader>
	<controlfield tag="001">
		001684089
	</controlfield>
	<controlfield tag="003">
		NNU
	</controlfield>
	<controlfield tag="006">
		m        d        
	</controlfield>
	<controlfield tag="007">
		cr cn |||m|||a
	</controlfield>
	<controlfield tag="008">
		160223s1970    iq      ob    000 0 arard
	</controlfield>
	<datafield ind1=" " ind2=" " tag="040">
		<subfield code="a">
			NNU
		</subfield>
		<subfield code="b">
			eng
		</subfield>
		<subfield code="c">
			NNU
		</subfield>
	</datafield>
	<datafield ind1="0" ind2=" " tag="050">
		<subfield code="a">
			BP88.I24
		</subfield>
		<subfield code="b">
			A68
		</subfield>
	</datafield>
	<datafield ind1=" " ind2=" " tag="066">
		<subfield code="c">
			(3
		</subfield>
	</datafield>
	<datafield ind1=" " ind2=" " tag="090">
		<subfield code="a">
			BP88.I24
		</subfield>
		<subfield code="b">
			A68
		</subfield>
	</datafield>
	<datafield ind1="1" ind2=" " tag="100">
		<subfield code="6">
			880-01
		</subfield>
		<subfield code="a">
			Ibn Bābawayh al-Qummī, Muḥammad ibn ʻAlī,
		</subfield>
		<subfield code="d">
			918 or 19-991 or 2.
		</subfield>
	</datafield>
	<datafield ind1="1" ind2="0" tag="240">
		<subfield code="6">
			880-02
		</subfield>
		<subfield code="a">
			Amālī
		</subfield>
	</datafield>
	<datafield ind1="1" ind2="0" tag="245">
		<subfield code="6">
			880-03
		</subfield>
		<subfield code="a">
			Amālī al-Ṣadūq
		</subfield>
		<subfield code="h">
			[electronic resource] /
		</subfield>
		<subfield code="c">
			li-Abī Jaʻfar al-Ṣadūq Muḥammad ibn ʻAlī ibn al-Ḥusayn ibn Bābawayh al-Qummī ; qaddama la-hu Muḥammad Mahdī Ḥasan al-Mūsawī al-Kharsān.
		</subfield>
	</datafield>
	<datafield ind1=" " ind2=" " tag="260">
		<subfield code="6">
			880-04
		</subfield>
		<subfield code="a">
			al-Najaf :
		</subfield>
		<subfield code="b">
			al-Maṭbaʻah al-Ḥaydarīyah,
		</subfield>
		<subfield code="c">
			1970.
		</subfield>
	</datafield>
	<datafield ind1=" " ind2=" " tag="300">
		<subfield code="a">
			online resource (48, 615 p.)
		</subfield>
	</datafield>
	<datafield ind1=" " ind2=" " tag="500">
		<subfield code="a">
			Known also under title: ʻArḍ al-majalis or al-Majalis.
		</subfield>
	</datafield>
	<datafield ind1=" " ind2=" " tag="500">
		<subfield code="a">
			Part of the Arabic Collections Online (ACO) project, contributed by New York Univeristy Libraries.
		</subfield>
	</datafield>
	<datafield ind1=" " ind2=" " tag="504">
		<subfield code="a">
			Bibliographical footnotes.
		</subfield>
	</datafield>
	<datafield ind1=" " ind2=" " tag="533">
		<subfield code="a">
			Electronic reproduction.
		</subfield>
		<subfield code="b">
			New York, N.Y. :
		</subfield>
		<subfield code="c">
			New York University,
		</subfield>
		<subfield code="d">
			2016.
		</subfield>
		<subfield code="5">
			NNU
		</subfield>
	</datafield>
	<datafield ind1=" " ind2="0" tag="650">
		<subfield code="a">
			Shiite literature.
		</subfield>
	</datafield>
	<datafield ind1="1" ind2=" " tag="700">
		<subfield code="6">
			880-05
		</subfield>
		<subfield code="a">
			Kharsān, Ḥasan al-Mūsawī.
		</subfield>
	</datafield>
	<datafield ind1="2" ind2=" " tag="710">
		<subfield code="a">
			New York University.
		</subfield>
		<subfield code="b">
			Libraries.
		</subfield>
	</datafield>
	<datafield ind1="0" ind2=" " tag="730">
		<subfield code="a">
			Arabic Collections Online.
		</subfield>
	</datafield>
	<datafield ind1="0" ind2="8" tag="776">
		<subfield code="i">
			Print version:
		</subfield>
		<subfield code="a">
			Ibn Bābawayh al-Qummī, Muḥammad ibn ʻAlī, 918 or 19-991 or 2.
		</subfield>
		<subfield code="t">
			Amālī al-Ṣadūq
		</subfield>
		<subfield code="w">
			(NNU)001684089
		</subfield>
		<subfield code="w">
			(DLC)74962187
		</subfield>
	</datafield>
	<datafield ind1="4" ind2="0" tag="856">
		<subfield code="u">
			http://hdl.handle.net/2333.1/59zw3vcm
		</subfield>
	</datafield>
	<datafield ind1="1" ind2=" " tag="880">
		<subfield code="6">
			100-01/
		</subfield>
		<subfield code="a">
			ابن بابويه القمي، محمد بن علي.
		</subfield>
	</datafield>
	<datafield ind1="1" ind2="0" tag="880">
		<subfield code="6">
			240-02/
		</subfield>
		<subfield code="a">
			أمالي
		</subfield>
	</datafield>
	<datafield ind1="1" ind2="0" tag="880">
		<subfield code="6">
			245-03/
		</subfield>
		<subfield code="a">
			أمالي الصدوق /
		</subfield>
		<subfield code="c">
			لأبي جعفر الصدوق محمد بن علي بن الحسين بن بابويه القمي ؛ قدم له محمد مهدي حسن الموسوي الخرسان.
		</subfield>
	</datafield>
	<datafield ind1=" " ind2=" " tag="880">
		<subfield code="6">
			260-04/
		</subfield>
		<subfield code="a">
			النجف :
		</subfield>
		<subfield code="b">
			المطبعة الحيدرية،
		</subfield>
		<subfield code="c">
			1970.
		</subfield>
	</datafield>
	<datafield ind1="1" ind2=" " tag="880">
		<subfield code="6">
			700-05/
		</subfield>
		<subfield code="a">
			خرسان، محمد مهدي.
		</subfield>
	</datafield>
	<datafield ind1=" " ind2=" " tag="959">
		<subfield code="a">
			NNU
		</subfield>
		<subfield code="b">
			WEB
		</subfield>
		<subfield code="c">
			GENI
		</subfield>
		<subfield code="t">
			0
		</subfield>
		<subfield code="m">
			Electronic access
		</subfield>
		<subfield code="s">
			01
		</subfield>
	</datafield>
	<datafield ind1=" " ind2=" " tag="999">
		<subfield code="i">
			NNU_001684089
		</subfield>
		<subfield code="s">
			nyu_aco001758
		</subfield>
	</datafield>
</record>
